<?xml version="1.0" encoding="UTF-8"?><collection xmlns="http://www.loc.gov/MARC21/slim"><record><leader>00448nam--2200145-i-4500</leader><controlfield tag="001">000041491</controlfield><controlfield tag="002">20161230</controlfield><controlfield tag="005">20161230201043</controlfield><controlfield tag="008">060222s1000------------r-----000-0-eng-d</controlfield><datafield ind1=" " ind2=" " tag="080"><subfield code="a">681.142-83:007:153</subfield></datafield><datafield ind1=" " ind2=" " tag="100"><subfield code="a">Shirai,Yoshiaki And Tsujii,Juan-ichi</subfield></datafield><datafield ind1=" " ind2=" " tag="245"><subfield code="a">Artificial intelligence. comcepts, techniques and applications</subfield></datafield><datafield ind1=" " ind2=" " tag="260"><subfield code="a">Chichester, John Wiley And Sons, 1986. Viii + 177 P</subfield></datafield><datafield ind1=" " ind2=" " tag="490"><subfield code="a">Wiley Series In Computing</subfield></datafield><datafield ind1=" " ind2=" " tag="852"><subfield code="a">73919</subfield></datafield></record></collection>